%% This BibTeX bibliography file was created using BibDesk.
%% http://bibdesk.sourceforge.net/


%% Created for Anand Patil at 2007-04-12 22:05:37 -0700 


%% Saved with string encoding Western (ASCII) 



@book{berry,
	Author = {Berry, Donald A.},
	Date-Added = {2007-04-12 22:04:55 -0700},
	Date-Modified = {2007-04-12 22:05:37 -0700},
	Publisher = {Duxbury Press},
	Title = {Statistics: A Bayesian Perspective},
	Year = {1996}}
