%% This BibTeX bibliography file was created using BibDesk.
%% http://bibdesk.sourceforge.net/


%% Created for Anand Patil at 2007-08-16 23:13:25 -0700 


%% Saved with string encoding Western (ASCII) 



@book{gelman,
	Author = {Gelman, A. and Carlin, J. B. and Stern, H. and Rubin, Donald B.},
	Date-Added = {2007-08-16 23:10:46 -0700},
	Date-Modified = {2007-08-16 23:12:00 -0700},
	Publisher = {Chapman {\&} Hall / CRC},
	Title = {Bayesian data analysis},
	Year = {2003}}

@book{jaynes,
	Author = {Jaynes, E. T.},
	Date-Added = {2007-08-16 23:08:50 -0700},
	Date-Modified = {2007-08-16 23:12:46 -0700},
	Publisher = {Cambridge university press},
	Title = {Probability theory: the logic of science},
	Year = {2003}}

@book{durrettrandomgraph,
	Author = {Durrett, Richard},
	Date-Added = {2007-08-16 23:06:42 -0700},
	Date-Modified = {2007-08-16 23:08:36 -0700},
	Publisher = {Cambridge university press},
	Title = {Random graph dynamics},
	Year = {2006}}

@unpublished{jordangraphical,
	Author = {Jordan, Michael I.},
	Date-Added = {2007-08-16 20:58:25 -0700},
	Date-Modified = {2007-08-16 23:13:25 -0700},
	Note = {Available from www.cs.berkeley.edu/~jordan/papers/statsci.ps},
	Title = {Graphical models}}

@article{dawidmarkov,
	Author = {Lauritzen, S. L. and Dawid, A.P. and Larsen, B. N. and Leimer, H. -G.},
	Date-Added = {2007-08-16 20:58:21 -0700},
	Date-Modified = {2007-08-16 23:05:44 -0700},
	Journal = {Networks},
	Pages = {491-505},
	Title = {Independence properties of directed {M}arkov fields},
	Volume = {20},
	Year = {1990}}

@article{Gelman:1996gp,
	Author = {Gelman, A. and Meng, X.L. and Stern, H.},
	Date-Added = {2006-08-10 21:26:25 -0400},
	Date-Modified = {2006-08-10 21:26:25 -0400},
	Journal = {Statistica Sinica},
	Title = {Posterior predicitive assessment of model fitness via realized discrepencies with discussion},
	Volume = {6},
	Year = {1996}}

@book{Bernardo:1992fk,
	Address = {Oxford},
	Booktitle = {Bayesian Statistics 4},
	Date-Added = {2006-08-06 19:40:56 -0400},
	Date-Modified = {2006-08-06 19:40:56 -0400},
	Editor = {Bernardo, J.M. and Berger, J. and Dawid, A.P. and Smith, J.F.M.},
	Publisher = {Oxford University Press},
	Title = {Bayesian Statistics 4},
	Year = {1992}}

@incollection{Geweke:1992gm,
	Author = {Geweke, J.},
	Crossref = {Bernardo:1992fk},
	Date-Added = {2006-08-06 19:38:08 -0400},
	Date-Modified = {2006-08-06 19:41:10 -0400},
	Keywords = {MCMC, convergence},
	Pages = {169-193},
	Title = {Evaluating the accuracy of sampling-based approaches to calculating posterior moments},
	Year = {1992}}

@book{Burnham:2002ic,
	Address = {New York},
	Author = {Burnham, K.P. and D.R. Anderson},
	Date-Modified = {2005-12-01 10:44:23 -0500},
	Keywords = {model selection, AIC, inference},
	Publisher = {Springer},
	Title = {Model Selection and Multi-Model Inference: A Practical, Information-theoretic Approach},
	Year = {2002}}

@article{Spiegelhalter:2002ma,
	Author = {Spiegelhalter, D.J. and Best, N.G. and Carlin, B.P. and van der Linde, A.},
	Date-Modified = {2005-06-29 20:11:36 -0400},
	Journal = {Journal of the Royal Statistical Society, Series B},
	Local-Url = {file://localhost/Users/chris/Documents/Papers/spiegelhalter_et_al2002_DIC.pdf},
	Pages = {583-639},
	Title = {Bayesian measures of model complexity and fit},
	Volume = {64},
	Year = {2002}}
