%% This BibTeX bibliography file was created using BibDesk.
%% http://bibdesk.sourceforge.net/


%% Created for Anand Patil at 2010-04-09 16:54:29 +0100 


%% Saved with string encoding Unicode (UTF-8) 


@InProceedings{coda,
 author        = {Plummer, M. and Best, N. and Cowles, K. and Vines, K.},
 title         = {\pkg{coda}: Output Analysis and Diagnostics for {MCMC}},
 note          = {\proglang{R}~package version~0.13-3},
 year          = {2008},
 url           = {http://CRAN.R-project.org/package=coda}
}

@Manual{r,
 title         = {\proglang{R}: {A} Language and Environment for Statistical Computing},
 author        = {{\proglang{R} Development Core Team}},
 organization  = {\proglang{R} Foundation for Statistical Computing},
 address       = {Vienna, Austria},
 year          = {2009},
 note          = {{ISBN} 3-900051-07-0},
 url           = {http://www.R-project.org/}
}

@Manual{pyrex,
	Author = {Greg Ewing},
	Date-Added = {2010-04-09 16:54:09 +0100},
	Date-Modified = {2010-04-09 16:54:26 +0100},
	Year = {2010},
	Title = {Pyrex - A Language for Writing Python Extension Modules},
	Url = {http://www.cosc.canterbury.ac.nz/greg.ewing/python/Pyrex}}

@Manual{python,
	Author = {Guido van Rossum},
	Date-Added = {2010-04-09 16:53:26 +0100},
	Date-Modified = {2010-04-09 16:53:59 +0100},
	Institution = {Python Software Foundation},
	Title = {The Python Library Reference Release 2.6.5},
	Url = {http://docs.python.org/library/index.html},
	Year = {2010}}

@Manual{hbc,
	Author = {Daum{\'e} III, Hal},
	Date-Added = {2009-12-21 11:31:01 +0000},
	Date-Modified = {2009-12-21 11:33:16 +0000},
	Url = {http://hal3.name/HBC},
	Year = {2007},
	Bdsk-Url-1 = {http://hal3.name/HBC}}

@Manual{winbugs,
	Author = {David J Lunn and Andrew Thomas and Nicky Best and David Spiegelhalter},
	Date-Added = {2009-12-21 11:25:32 +0000},
	Date-Modified = {2009-12-21 11:26:45 +0000},
	Journal = {Statistics and Computing},
	Number = {4},
	Pages = {325-337},
	Title = {WinBUGS - A Bayesian modelling framework: Concepts, structure and extensibility},
	Volume = {10},
	Year = {2000}}

@Manual{jags,
	Author = {Martyn Plummer},
	Booktitle = {DSC 2003 Working Papers},
	Date-Added = {2009-12-21 11:23:28 +0000},
	Date-Modified = {2009-12-21 11:24:14 +0000},
	Title = {JAGS: A program for analysis of Bayesian graphical models using Gibbs sampling},
	Year = {2003}}

@Book{gelman,
	Address = {Boca Raton, FL},
	Author = {A. Gelman and J.B. Carlin and H.S. Stern and D.B. Rubin},
	Publisher = {Chapman and Hall/CRC},
	Title = {Bayesian Data Analysis, Second Edition},
	Year = {2004}}

@Article{stickbreak,
	Author = {Ishwaran, H. and James, L.F.},
	Date-Added = {2008-11-30 18:32:29 +0000},
	Date-Modified = {2008-11-30 18:33:33 +0000},
	Journal = {JASA},
	Number = {453},
	Pages = {161-173},
	Title = {Gibbs sampling methods for stick-breaking priors},
	Volume = {96},
	Year = {2001}}

@Manual{fbc,
	Author = {Kerman, J. and Gelman, A.},
	Date-Added = {2008-11-30 18:28:54 +0000},
	Date-Modified = {2008-11-30 18:31:54 +0000},
	Url = {http://stat.columbia.edu/~gelman/research/unpublished/fullybayesiancomputing-nonblinded.pdf},
	Title = {{Fully Bayesian computing}},
	Year = {2004}}

@Book{westharrison,
	Author = {West, M. and Harrison, J.},
	Date-Added = {2008-11-30 18:28:19 +0000},
	Date-Modified = {2008-11-30 18:28:51 +0000},
	Publisher = {Springer-Verlag},
	Title = {Bayesian forecasting and dynamic models},
	Year = {1997}}

@Article{normalsubmodel,
	Author = {Wilkinson, D.J. and Yeung, S.K.H.},
	Date-Added = {2008-11-30 18:25:55 +0000},
	Date-Modified = {2008-11-30 18:27:09 +0000},
	Journal = {Computational statistics \& data analysis},
	Pages = {493-516},
	Title = {{A sparse matrix approach to Bayesian computation in large linear models}},
	Volume = {44},
	Year = {2004}}

@Article{Jarrett:1979fr,
	Author = {Jarrett, R.G.},
	Journal = {Biometrika},
	Pages = {191-193},
	Title = {A note on the intervals between coal mining disasters},
	Volume = {66},
	Year = {1979}}

@Article{Haario:2001lr,
	Author = {Haario, H. and Saksman, E. and Tamminen, J.},
	Date-Added = {2008-03-21 15:19:12 +1300},
	Date-Modified = {2008-03-21 15:19:12 +1300},
	Journal = {Bernoulli},
	Number = {2},
	Pages = {223-242},
	Title = {An adaptive Metropolis algorithm},
	Volume = {7},
	Year = {2001}}

@Article{Brooks:2000il,
	Author = {Brooks, S.P. and Catchpole, E.A. and Morgan, B.J.T.},
	Date-Added = {2008-03-21 14:20:34 +1300},
	Date-Modified = {2008-03-21 14:20:34 +1300},
	Journal = {Statistical Science},
	Pages = {357-376},
	Title = {Bayesian animal survival estimation},
	Volume = {15},
	Year = {2000}}

@Article{Schwarz:1978ud,
	Abstract = {The problem of selecting one of a number of models of different dimensions is treated by finding its Bayes solution, and evaluating the leading terms of its asymptotic expansion. These terms are a valid large-sample criterion beyond the Bayesian context, since they do not depend on the a priori distribution.},
	Author = {Schwarz, G.},
	Journal = {The Annals of Statistics},
	Keywords = {AIC, model selection},
	Number = {2},
	Pages = {461--464},
	Publisher = {Institute of Mathematical Statistics},
	Title = {Estimating the Dimension of a Model},
	Ty = {JOUR},
	Volume = {6},
	Year = {1978}}

@inproceedings{Akaike:1973aj,
	Address = {Akademiai Kiado, Budapest},
	Author = {Akaike, H.},
	Booktitle = {Second International Symposium on Information Theory},
	Editor = {B.N. Petrov and F. Csaki},
	Keywords = {model selection, information, AIC},
	Pages = {267-281},
	Title = {Information theory as an extension of the maximum likelihood principle},
	Year = {1973}}

@Article{tuning,
	Author = {Roberts, Gareth O. and Rosenthal, Jeffrey S.},
	Date-Added = {2007-12-30 17:23:22 -0500},
	Date-Modified = {2009-03-25 12:00:45 +0000},
	Journal = {Journal of Applied Probability},
	Number = {2},
	Pages = {458-475},
	Title = {{Implementing componentwise Hastings algorithms}},
	Volume = {44},
	Year = {2007}}

@Book{jaynes,
    Address = {Cambridge},
	Author = {Jaynes, E.T.},
	Date-Added = {2007-08-16 23:08:50 -0700},
	Date-Modified = {2007-08-16 23:12:46 -0700},
	Publisher = {Cambridge university press},
	Title = {Probability theory: the logic of science},
	Year = {2003}}

@Book{durrettrandomgraph,
	Author = {Durrett, R.},
	Date-Added = {2007-08-16 23:06:42 -0700},
	Date-Modified = {2007-08-16 23:08:36 -0700},
	Publisher = {Cambridge university press},
	Title = {Random graph dynamics},
	Year = {2006}}

@Article{Jordan:2004p5439,
	Author = {Jordan, M.I.},
	Journal = {Statist. Sci.},
	Number = {1},
	Pages = {140--155},
	Title = {Graphical Models},
	Volume = {19},
	Year = {2004}}

@incollection{raftery,
	Address = {London},
	Author = {Raftery, A.E. and Lewis, S.M.},
	Booktitle = {Practical Markov Chain Monte Carlo},
	Editor = {W.R. Gilks, D.J. Spiegelhalter and S. Richardson},
	Publisher = {Chapman and Hall},
	Title = {The number of iterations, convergence diagnostics and generic Metropolis algorithms},
	Year = {1995}}

@Article{dawidmarkov,
	Author = {Lauritzen, S.L. and Dawid, A.P. and Larsen, B.N. and Leimer, H.G.},
	Date-Added = {2007-08-16 20:58:21 -0700},
	Date-Modified = {2007-08-16 23:05:44 -0700},
	Journal = {Networks},
	Pages = {491-505},
	Title = {Independence properties of directed {M}arkov fields},
	Volume = {20},
	Year = {1990}}

@Article{Gelman:1996gp,
	Author = {Gelman, A. and Meng, X.L. and Stern, H.},
	Journal = {Statistica Sinica},
	Title = {Posterior predictive assessment of model fitness via realized discrepencies with discussion},
	Volume = {6},
	Pages = {733-807},
	Year = {1996}}

@Book{Bernardo:1992fk,
	Address = {Oxford},
	Booktitle = {Bayesian Statistics 4},
	Editor = {Bernardo, J.M. and Berger, J. and Dawid, A.P. and Smith, J.F.M.},
	Publisher = {Oxford University Press},
	Title = {Bayesian Statistics 4},
	Year = {1992}}

@incollection{Geweke:1992gm,
	Author = {Geweke, J.},
	Crossref = {Bernardo:1992fk},
	Keywords = {MCMC, convergence},
	Pages = {169-193},
	Title = {Evaluating the accuracy of sampling-based approaches to calculating posterior moments},
	Year = {1992}}

@Book{Burnham:2002ic,
	Address = {New York},
	Author = {Burnham, K.P. and Anderson, D.R.},
	Date-Modified = {2005-12-01 10:44:23 -0500},
	Keywords = {model selection, AIC, inference},
	Publisher = {Springer Science + Business Media, Inc.},
	Title = {Model Selection and Multi-Model Inference: A Practical, Information-theoretic Approach},
	Year = {2002}}

@Article{Spiegelhalter:2002ma,
	Author = {Spiegelhalter, D.J. and Best, N.G. and Carlin, B.P. and van der Linde, A.},
	Date-Modified = {2005-06-29 20:11:36 -0400},
	Journal = {Journal of the Royal Statistical Society, Series B},
	Pages = {583-639},
	Title = {Bayesian measures of model complexity and fit},
	Volume = {64},
	Year = {2002}}

@Book{Gamerman:1997tb,
	Affiliation = {London},
	Author = {D. Gamerman},
	Address = {London},
	Journal = {Book},
	Publisher = {Chapman and Hall},
	Title = {{Markov Chain Monte Carlo: statistical simulation for Bayesian inference}},
	Year = {1997}}

@Article{Christakos:2002p5506,
	Author = {G. Christakos},
	Journal = {Advances in Water Resources},
	Title = {{On the assimilation of uncertain physical knowledge bases: Bayesian and non-Bayesian techniques}},
	Volume = {25},
    Number = {8-12},
    Pages = {1257-1274},
	Year = {2002}}

@Book{Lutz:2007,
    Address = {Sebastopol},
	Author = {Mark Lutz},
	Publisher = {O'Reilly Media, Inc.},
	Title = {Learning Python},
	Year = {2007}}

@Book{Langtangen:2009,
    Address = {Heidelberg},
	Author = {Hans Petter Langtangen},
	Publisher = {Springer},
	Title = {Python Scripting for Computational Science},
	Year = {2009}}
